@inproceedings{chien_comparative_2011,
	title = {A comparative study on operating system for 	
			Wireless Sensor Networks},
	booktitle = {2011 International Conference on Advanced 
				Computer Science and Information System 
				({ICACSIS})},
	author = {Chien, Thang Vu and Chan, Hung Nguyen and Huu, 
			Thanh Nguyen},
	month = dec,
	year = {2011},
	pages = {73--78}
}

@inproceedings{sitanayah_cooja-based_2013,
	series = {{SenSys} '13},
	title = {A Cooja-based tool for maintaining sensor 
			network coverage requirements in a building},
	isbn = {978-1-4503-2027-6},
	url = {http://doi.acm.org/10.1145/2517351.2517390},
	doi = {10.1145/2517351.2517390},
	urldate = {2013-11-11TZ},
	booktitle = {Proceedings of the 11th {ACM} Conference on 
				Embedded Networked Sensor Systems},
	author = {Sitanayah, Lanny and Sreenan, Cormac J. and 
			Fedor, Szymon},
	year = {2013},
	pages = {70:1--70:2}
}

@inproceedings{orpl,
	series = {{SenSys} '13},
	title = {Let the Tree Bloom: Scalable Opportunistic Routing with {ORPL}},
	isbn = {978-1-4503-2027-6},
	shorttitle = {Let the Tree Bloom},
	url = {http://doi.acm.org/10.1145/2517351.2517369},
	doi = {10.1145/2517351.2517369},
	urldate = {2014-06-13TZ},
	booktitle = {Proceedings of the 11th {ACM} Conference on Embedded Networked Sensor Systems},
	author = {Duquennoy, Simon and Landsiedel, Olaf and Voigt, Thiemo},
	year = {2013},
	pages = {2:1--2:14}
}

@inproceedings{tsiftes_framework_2010,
	address = {New York, {NY}, {USA}},
	series = {{SIGCOMM} '10},
	title = {A Framework for Low-power {IPv6} Routing Simulation, Experimentation, and Evaluation},
	isbn = {978-1-4503-0201-2},
	url = {http://doi.acm.org/10.1145/1851182.1851273},
	doi = {10.1145/1851182.1851273},
	urldate = {2014-03-10TZ},
	booktitle = {Proceedings of the {ACM} {SIGCOMM} 2010 Conference},
	author = {Tsiftes, Nicolas and Eriksson, Joakim and Finne, Niclas and Osterlind, Fredrik and HÃ¶glund, Joel and Dunkels, Adam},
	year = {2010},
	pages = {479--480}
}

@article{tsvetkov2011rpl,
  title={{RPL}: {IPv6} Routing Protocol for Low Power and Lossy Networks},
  author={Tsvetkov, Tsvetko},
  journal={Sensor Nodes--Operation, Network and Application (SN)},
  volume={59},
  pages={2},
  year={2011}
}

@misc{winter2012rpl,
  title={{RPL}: {IPv6} routing protocol for low power and lossy networks, {RFC} 6550},
  author={Winter, T and Thubert, P and Clausen, T and Hui, J and Kelsey, R and Levis, P and Pister, K and Struik, R and Vasseur, J},
  howpublished={https://tools.ietf.org/html/rfc6550},
  year={2012}
}

@misc{mrhof,
  title={The Minimum Rank with Hysteresis Objective Function, {RFC} 6719},
  howpublished={https://tools.ietf.org/html/rfc6719},
  author={Gnawali, Omprakash},
  year={2012}
}

@misc{of0,
  title={Objective Function Zero for the Routing Protocol for Low-Power and Lossy Networks {(RPL)}, {RFC} 6552},
  author={Thubert, Pascal},
  howpublished={https://tools.ietf.org/html/rfc6552},
  year={2012}
}

@misc{trickle,
  title={{RFC} 6206: The Trickle Algorithm},
  author={Levis, Philip and Clausen, T and Hui, Jonathan and Gnawali, Omprakash and Ko, J},
  howpublished={https://tools.ietf.org/html/rfc6206},
  year={2011}
}

@misc{routingmetrics,
  title={Routing metrics used for path calculation in low power and lossy networks},
  author={Vasseur, J and Kim, M and Pister, K and Dejean, N and Barthel, D},
  howpublished = {https://tools.ietf.org/html/rfc6551},
  year={2012}
}

@misc{tsch,
	title={Using {IEEE802.15.4e} Time-Slotted Channel Hopping {(TSCH)} in an Internet of Things {(IoT)}: Problem Statement},
    howpublished={https://tools.ietf.org/html/rfc7554},
	author={Thomas Watteyne, Maria Rita Palattella, Luigi Alfredo Grieco},
	month = may,
	year={2015}
}

@inproceedings{watteyne,
	title = {Reliability Through Frequency Diversity: Why Channel Hopping Makes Sense},
	shorttitle = {Reliability Through Frequency Diversity},
	url = {http://doi.acm.org/10.1145/1641876.1641898},
	booktitle = {Proceedings of the 6th {ACM} Symposium on Performance Evaluation of Wireless Ad Hoc, Sensor, and Ubiquitous Networks},
	author = {Watteyne, Thomas and Mehta, Ankur and Pister, Kris},
	year = {2009},
	pages = {116--123}
}

@inproceedings{wu,
	title = {Realistic and Efficient Multi-Channel Communications in Wireless Sensor Networks},
	doi = {10.1109/INFOCOM.2008.175},
	booktitle = {{IEEE} {INFOCOM} 2008. The 27th Conference on Computer Communications},
	author = {Wu, Yafeng and Stankovic, J.A. and He, Tian and Lin, Shan},
	month = apr,
	year = {2008}
}

@inproceedings{chrysso,
	title = {Chrysso - A multi-channel approach to mitigate external interference},
	doi = {10.1109/SAHCN.2011.5984929},
	booktitle = {2011 8th Annual {IEEE} Communications Society Conference on Sensor, Mesh and Ad Hoc Communications and Networks ({SECON})},
	author = {Iyer, V. and Woehrle, M. and Langendoen, K.},
	month = jun,
	year = {2011},
	pages = {449--457}
}

@inproceedings{micmac,
	title = {Low-Power Listening Goes Multi-channel},
	doi = {10.1109/DCOSS.2014.33},
	booktitle = {2014 {IEEE} International Conference on Distributed Computing in Sensor Systems ({DCOSS})},
	author = {Al Nahas, B. and Duquennoy, S. and Iyer, V. and Voigt, T.},
	month = may,
	year = {2014},
	pages = {2--9}
}

@article{ieee_2012,
    author = {{IEEE}},
	title = {{IEEE} Standard for Information technology--Telecommunications and information exchange between systems Local and metropolitan area networks--Specific requirements Part 11},
	doi = {10.1109/IEEESTD.2012.6178212},
	journal = {{IEEE} Std 802.11-2012 (Revision of {IEEE} Std 802.11-2007)},
	month = mar,
	year = {2012},
	pages = {1--2793}
}

@MISC{contikimac,
    author = {Adam Dunkels},
    title = {The {ContikiMAC} Radio Duty Cycling Protocol},
    howpublished={Technical Report T2011:13. ISSN 1100-3154 			{http://dunkels.com/adam/dunkels11contikimac.pdf}},
    year = {2011}
}

@article{mc-lmac,
 author = {Incel, Ozlem Durmaz and van Hoesel, Lodewijk and Jansen, Pierre and Havinga, Paul},
 title = {{MC-LMAC}: A Multi-channel {MAC} Protocol for Wireless Sensor Networks},
 journal = {Ad Hoc Netw.},
 issue_date = {January, 2011},
 volume = {9},
 number = {1},
 month = jan,
 year = {2011},
 issn = {1570-8705},
 pages = {73--94},
 numpages = {22},
 url = {http://dx.doi.org/10.1016/j.adhoc.2010.05.003},
 doi = {10.1016/j.adhoc.2010.05.003},
 acmid = {1851079},
 address = {Amsterdam, The Netherlands, The Netherlands},
 keywords = {MAC protocols, Multi-channel communication, Schedule based communication, Wireless sensor networks},
}

@INPROCEEDINGS{y-mac, 
author={Youngmin Kim and Hyojeong Shin and Hojung Cha}, 
booktitle={Information Processing in Sensor Networks, 2008. IPSN '08. International Conference on}, 
title={{Y-MAC}: An Energy-Efficient Multi-channel {MAC} Protocol for Dense Wireless Sensor Networks}, 
year={2008}, 
month={April}, 
pages={53-63}, 
keywords={access protocols;telecommunication traffic;wireless channels;wireless sensor networks;medium access control protocol;multichannel MAC protocol;network traffic;wireless sensor network;Access protocols;Energy efficiency;Information processing;Media Access Protocol;Radio transceivers;Sampling methods;Sleep;Telecommunication traffic;Wireless application protocol;Wireless sensor networks;Medium Access Control;Wireless Sensor Networks}, 
doi={10.1109/IPSN.2008.27},}

@inproceedings{emmac, 
author={Sivanantha, A. and Hamdaoui, B. and Guizani, M. and Xiuzhen Cheng and Znati, T.}, 
booktitle={Wireless Communications and Mobile Computing Conference (IWCMC), 2012 8th International}, 
title={{EM-MAC}: An energy-aware multi-channel {MAC} protocol for multi-hop wireless networks}, 
year={2012}, 
month={Aug}, 
pages={1159-1164}, 
keywords={access protocols;channel allocation;data communication;radio networks;telecommunication switching;EM-MAC;channel selection mechanism;common control channel;data communication;energy aware multichannel MAC protocol;iMAC;multichannel access capability;multihop wireless network;switching;wireless device;Data communication;IEEE 802.11 Standards;Media Access Protocol;Multiaccess communication;Receivers;Sleep;Switches}, 
doi={10.1109/IWCMC.2012.6314370},}

 @inproceedings{ctp,
 author = {Gnawali, Omprakash and Fonseca, Rodrigo and Jamieson, Kyle and Moss, David and Levis, Philip},
 title = {Collection Tree Protocol},
 booktitle = {Proceedings of the 7th ACM Conference on Embedded Networked Sensor Systems},
 series = {SenSys '09},
 year = {2009},
 isbn = {978-1-60558-519-2},
 location = {Berkeley, California},
 pages = {1--14},
 numpages = {14},
 url = {http://doi.acm.org/10.1145/1644038.1644040},
 doi = {10.1145/1644038.1644040},
 acmid = {1644040},
 keywords = {CTP, collection, routing, sensor network},
}

@article{leach, 
author={Asaduzzaman and Kong, Hyung Yun}, 
journal={Communications and Networks, Journal of}, 
title={Energy efficient cooperative {LEACH} protocol for wireless sensor networks}, 
year={2010}, 
month={Aug}, 
volume={12}, 
number={4}, 
pages={358-365}, 
keywords={Bit error rate;Fading;MIMO;Protocols;Receivers;Signal to noise ratio;Wireless sensor networks;Cross-layer design;fading channel;low energy adaptive clustering hierarchy (LEACH);transmit diversity;virtual multiple input multiple output (MIMO);wireless sensor network}, 
doi={10.1109/JCN.2010.6388472}, 
ISSN={1229-2370},}

@INPROCEEDINGS{pegasis, 
author={Lindsey, S. and Raghavendra, C.S.}, 
booktitle={Aerospace Conference Proceedings, 2002. IEEE}, 
title={{PEGASIS}: Power-efficient gathering in sensor information systems}, 
year={2002}, 
month={}, 
volume={3}, 
pages={3-1125-3-1130 vol.3}, 
keywords={distributed sensors;packet radio networks;routing protocols;sensor fusion;LEACH protocol;PEGASIS;base stations;cluster head randomization;data collection;data fusion clusters;energy efficient information gathering;limited battery power sensors;node death;node neighbor communication;optimal chain-based protocols;packet transmission;sensor networks;sensor system power-efficient information gathering;sensor web nodes;wireless communication sensors;Base stations;Batteries;Collaboration;Costs;Information systems;Network topology;Protocols;Sensor fusion;Sensor systems;Wireless communication}, 
doi={10.1109/AERO.2002.1035242},}

@inproceedings{flocklab,
 author = {Lim, Roman and Ferrari, Federico and Zimmerling, Marco and Walser, Christoph and Sommer, Philipp and Beutel, Jan},
 title = {FlockLab: A Testbed for Distributed, Synchronized Tracing and Profiling of Wireless Embedded Systems},
 booktitle = {Proceedings of the 12th International Conference on Information Processing in Sensor Networks},
 series = {IPSN '13},
 year = {2013},
 isbn = {978-1-4503-1959-1},
 location = {Philadelphia, Pennsylvania, USA},
 pages = {153--166},
 numpages = {14},
 url = {http://doi.acm.org/10.1145/2461381.2461402},
 doi = {10.1145/2461381.2461402},
 acmid = {2461402},
 publisher = {ACM},
 address = {New York, NY, USA},
 keywords = {GPIO actuation, GPIO tracing, adjustable power supply, power profiling, testbed, wireless sensor network},
}

@inproceedings{muchmac,
 author = {Borms, Joris and Steenhaut, Kris and Lemmens, Bart},
 title = {Low-overhead Dynamic Multi-channel {MAC} for Wireless Sensor Networks},
 booktitle = {Proceedings of the 7th European Conference on Wireless Sensor Networks},
 series = {EWSN'10},
 year = {2010},
 isbn = {3-642-11916-6, 978-3-642-11916-3},
 location = {Coimbra, Portugal},
 pages = {81--96},
 numpages = {16},
 url = {http://dx.doi.org/10.1007/978-3-642-11917-0_6},
 doi = {10.1007/978-3-642-11917-0_6},
 acmid = {2127948},
 }

@inproceedings{interferenceModel,
 author = {Boano, Carlo Alberto and Voigt, Thiemo and Tsiftes, Nicolas and Mottola, Luca and R\"{o}mer, Kay and Z\'{u}\~{n}iga, Marco Antonio},
 title = {Making Sensornet {MAC} Protocols Robust Against Interference},
 booktitle = {Proceedings of the 7th European Conference on Wireless Sensor Networks},
 series = {EWSN'10},
 year = {2010},
 isbn = {3-642-11916-6, 978-3-642-11916-3},
 location = {Coimbra, Portugal},
 pages = {272--288},
 numpages = {17},
 url = {http://dx.doi.org/10.1007/978-3-642-11917-0_18},
 doi = {10.1007/978-3-642-11917-0_18},
 acmid = {2127963}}

@ARTICLE{ieee802.15.4, 
author= {{IEEE}},
journal={IEEE Std 802.15.4e-2012 (Amendment to IEEE Std 802.15.4-2011)}, 
title={{IEEE} Standard for Local and metropolitan area networks--Part 15.4: Low-Rate Wireless Personal Area Networks {(LR-WPANs)} Amendment 1: {MAC} sublayer}, 
year={2012}, 
pages={1-225}, 
keywords={IEEE standards;personal area networks;Chinese WPAN;IEEE 802.15.4 MAC;IEEE Std 802.15.4-2011;IEEE Std 802.15.4e-2012;LR-WPAN;compatibility;industrial markets;low-rate wireless personal area networks;AC motors;IEEE standards;Local area networks;Metropolitan area networks;Personal area networks;Radiofrequency identification;Wireless communication;IEEE 802.15.4;MAC performance metrics (metrics);RFID Blink;asynchronous multi-channel adaptation (AMCA);deterministic and asynchronous multi-channel adaptation (AMCA);deterministic and synchronous multichannel extension (DSME);enhanced beacon request (EBR);enhancements for security;fast association (FastA);lEEE 802.15.4e;low energy;low latency deterministic networks (LLDN);timeslotted channel hopping (TSCH)}, 
doi={10.1109/IEEESTD.2012.6185525}, 
month={April},}

@INPROCEEDINGS{ieeeCompare, 
author={Petrova, M. and Lili Wu and Mahonen, P. and Riihijarvi, J.}, 
booktitle={Networking, 2007. ICN '07. Sixth International Conference on}, 
title={Interference Measurements on Performance Degradation between Colocated {IEEE} 802.11g/n and {IEEE} 802.15.4 Networks}, 
year={2007}, 
pages={93-93}, 
keywords={IEEE standards;telecommunication traffic;wireless LAN;IEEE 802.11g/n;IEEE 802.11n;IEEE 802.15.4;ISM band;consumer electronics;frequency 2.4 GHz;interference measurements;low-power building automation;network traffic interference;sensor networks;wireless LAN technologies;wireless mesh networks;Automation;Bandwidth;Consumer electronics;Degradation;Interference;Spine;Telecommunication traffic;Usability;Wireless LAN;Wireless mesh networks}, 
doi={10.1109/ICN.2007.53}, 
month={April},}

@MISC{telosb-datasheet,
  author = {Crossbow Technology},
  title = {{TelosB} - {TelosB} Mote Platform},
  howpublished = {Document Part Number: 6020-0094-01 Rev B},
  month = {},
  year = {},
}

@INPROCEEDINGS{contiki, 
author={Dunkels, A. and Gronvall, B. and Voigt, T.}, 
booktitle={Local Computer Networks, 2004. 29th Annual IEEE International Conference on}, 
title={Contiki - a lightweight and flexible operating system for tiny networked sensors}, 
year={2004}, 
pages={455-462}, 
keywords={data communication;multi-threading;network operating systems;operating system kernels;wireless sensor networks;Contiki;dynamic code loading;event-driven kernel;flexible operating system;lightweight operating system;preemptive multithreading;wireless sensor networks;Computer science;Kernel;Large-scale systems;Libraries;Microcontrollers;Multithreading;Operating systems;Read-write memory;Sensor systems;Wireless sensor networks}, 
doi={10.1109/LCN.2004.38}, 
ISSN={0742-1303}, 
month={Nov},}

@INPROCEEDINGS{cooja, 
author={Osterlind, F. and Dunkels, A. and Eriksson, J. and Finne, N. and Voigt, T.}, 
booktitle={Local Computer Networks, Proceedings 2006 31st IEEE Conference on}, 
title={Cross-Level Sensor Network Simulation with {COOJA}}, 
year={2006}, 
pages={641-648}, 
keywords={digital simulation;telecommunication computing;wireless sensor networks;COOJA simulator;Contiki sensor node operating system;cross-level sensor network simulation;holistic simultaneous simulation;wireless sensor network simulation;Computational modeling;Computer science;Computer simulation;Hardware;Java;Operating systems;Programming;Sensor systems;Software systems;Wireless sensor networks}, 
doi={10.1109/LCN.2006.322172}, 
ISSN={0742-1303}, 
month={Nov},}

@book{graphColouring,
  title={Graph Coloring Problems},
  author={Jensen, T.R. and Toft, B.},
  isbn={9781118030745},
  series={Wiley Series in Discrete Mathematics and Optimization},
  url={https://books.google.co.uk/books?id=leL0Y5N0bFoC},
  year={2011},
  publisher={Wiley},
}

@MISC{contikiDoc,
  author = {Contiki},
  title = {Contiki 2.6},
  howpublished = {http://contiki.sourceforge.net/docs/2.6/},
  month = {Jul},
  year = {2012},
}

@MISC{contikiUIP,
  author = {Contiki},
  title = {Contiki 2.6 {The uIP TCP/IP} stack},
  howpublished = {http://contiki.sourceforge.net/docs/2.6/a01793.html},
  month = {Jul},
  year = {2012},
}

@article{multipleSinks,
year={2014},
journal={EURASIP Journal on Wireless Communications and Networking},
eid={91},
volume={2014},
number={1},
doi={10.1186/1687-1499-2014-91},
title={Support of multiple sinks via a virtual root for the RPL routing protocol},
url={http://dx.doi.org/10.1186/1687-1499-2014-91},
publisher={Springer International Publishing},
keywords={RPL; Multi-sink; WSN; Routing; Virtual DODAG root},
author={Carels, David and Derdaele, Niels and Poorter, EliDe and Vandenberghe, Wim and Moerman, Ingrid and Demeester, Piet},
}

@MISC{tunslip,
  author = {FIT IoT-LAB},
  title = {Building {Contiki's} tunslip6},
  howpublished = {https://www.iot-lab.info/tutorials/build-tunslip6/},
  month = {},
  year = {},
}

@article{wsnSurvey1, 
 author = {Yick, Jennifer and Mukherjee, Biswanath and Ghosal, Dipak},
 title = {Wireless Sensor Network Survey},
 journal = {Comput. Netw.},
 issue_date = {August, 2008},
 volume = {52},
 number = {12},
 month = aug,
 year = {2008},
 issn = {1389-1286},
 pages = {2292--2330},
 numpages = {39},
 url = {http://dx.doi.org/10.1016/j.comnet.2008.04.002},
 doi = {10.1016/j.comnet.2008.04.002},
 acmid = {1389832},
 publisher = {Elsevier North-Holland, Inc.},
 address = {New York, NY, USA},
 keywords = {Protocols, Sensor network deployment, Sensor network services, Survey, Wireless sensor network},
}

@article{wsnSurvey2,
 author = {Akyildiz, I. F. and Su, W. and Sankarasubramaniam, Y. and Cayirci, E.},
 title = {Wireless Sensor Networks: A Survey},
 journal = {Comput. Netw.},
 issue_date = {15 March 2002},
 volume = {38},
 number = {4},
 month = mar,
 year = {2002},
 issn = {1389-1286},
 pages = {393--422},
 numpages = {30},
 url = {http://dx.doi.org/10.1016/S1389-1286(01)00302-4},
 doi = {10.1016/S1389-1286(01)00302-4},
 acmid = {585777},
 publisher = {Elsevier North-Holland, Inc.},
 address = {New York, NY, USA},
 keywords = {ad hoc networks, application layer, data link layer, error control, medium access control, networking layer, physical layer, power aware protocols, routing, transport layer, wireless sensor networks},
}

@article{wsnSurvey3,
 author = {Akyildiz, Ian F. and Melodia, Tommaso and Chowdhury, Kaushik R.},
 title = {A Survey on Wireless Multimedia Sensor Networks},
 journal = {Comput. Netw.},
 issue_date = {March, 2007},
 volume = {51},
 number = {4},
 month = mar,
 year = {2007},
 issn = {1389-1286},
 pages = {921--960},
 numpages = {40},
 url = {http://dx.doi.org/10.1016/j.comnet.2006.10.002},
 doi = {10.1016/j.comnet.2006.10.002},
 acmid = {1223794},
 publisher = {Elsevier North-Holland, Inc.},
 address = {New York, NY, USA},
 keywords = {Cross-layer protocol design, Distributed smart cameras, Energy-aware protocol design, Multimedia communications, Quality of service, Video sensor networks, Wireless sensor networks},
}

@MISC{ctptep,
  author = {R. Fonseca and O. Gnawali and K. Jamieson and S. Kim, P. Levis and A. Woo},
  title = {{TEP} 123: {The Collection Tree Protocol}},
  month = {Aug},
  year = {2006},
}

@inproceedings{rime,
 author = {Dunkels, Adam and \"{O}sterlind, Fredrik and He, Zhitao},
 title = {An Adaptive Communication Architecture for Wireless Sensor Networks},
 booktitle = {Proceedings of the 5th International Conference on Embedded Networked Sensor Systems},
 series = {SenSys '07},
 year = {2007},
 isbn = {978-1-59593-763-6},
 location = {Sydney, Australia},
 pages = {335--349},
 numpages = {15},
 url = {http://doi.acm.org/10.1145/1322263.1322295},
 doi = {10.1145/1322263.1322295},
 acmid = {1322295},
 publisher = {ACM},
 address = {New York, NY, USA},
 keywords = {protocol stack, wireless sensor networks},
}

@inproceedings{uip,
 author = {Dunkels, Adam},
 title = {Full TCP/IP for 8-bit Architectures},
 booktitle = {Proceedings of the 1st International Conference on Mobile Systems, Applications and Services},
 series = {MobiSys '03},
 year = {2003},
 location = {San Francisco, California},
 pages = {85--98},
 numpages = {14},
 url = {http://doi.acm.org/10.1145/1066116.1066118},
 doi = {10.1145/1066116.1066118},
 acmid = {1066118},
 publisher = {ACM},
 address = {New York, NY, USA},
}

@MISC{contikitutorial,
  title = {Contiki {Crash Course}},
  author = {Dunkels, Adam},
  month = {October},
  year = {2008},
  publisher = {KTH Royal Institute of Technology},
}

@inproceedings{rimeposter,
    author = {Dunkels, Adam},
    booktitle = {Proceedings of the European Conference on Wireless Sensor Networks (EWSN), Poster/Demo session, Delft, The Netherlands},
    title = {{Rime - a lightweight layered communication stack for sensor networks}},
    month = {January},
    year = {2007},
}

@ARTICLE{azrinasurvey, 
author={Aziz, A.A. and Sekercioglu, Y.A. and Fitzpatrick, P. and Ivanovich, M.}, 
journal={Communications Surveys Tutorials, IEEE}, 
title={A Survey on Distributed Topology Control Techniques for Extending the Lifetime of Battery Powered Wireless Sensor Networks}, 
year={2013}, 
volume={15}, 
number={1}, 
pages={121-144}, 
keywords={energy conservation;telecommunication network topology;wireless sensor networks;WSN;battery powered wireless sensor networks;distributed topology control;energy efficiency;large-scale self-organizing wireless mesh network;large-scale self-organizing wireless sensor network;multilevel buildings;network lifetime;underwater environments;Energy conservation;Energy consumption;Network topology;Relays;Routing;Wireless sensor networks;Wireless sensor networks (WSNs);connected dominating set (CDS);topology control}, 
doi={10.1109/SURV.2012.031612.00124}, 
ISSN={1553-877X}, 
month={First},}

@article{Liu20111327,
title = "Theoretical analysis of the lifetime and energy hole in cluster based wireless sensor networks ",
journal = "Journal of Parallel and Distributed Computing ",
volume = "71",
number = "10",
pages = "1327 - 1355",
year = "2011",
note = "",
issn = "0743-7315",
doi = "http://dx.doi.org/10.1016/j.jpdc.2011.05.003",
url = "http://www.sciencedirect.com/science/article/pii/S0743731511000992",
author = "An-Feng Liu and Peng-Hui Zhang and Zhi-Gang Chen",
}

@inproceedings{beyondInteroperability,
 author = {Ko, JeongGil and Eriksson, Joakim and Tsiftes, Nicolas and Dawson-Haggerty, Stephen and Vasseur, Jean-Philippe and Durvy, Mathilde and Terzis, Andreas and Dunkels, Adam and Culler, David},
 title = {{Beyond Interoperability: Pushing the Performance of Sensor Network IP Stacks}},
 booktitle = {Proceedings of the 9th ACM Conference on Embedded Networked Sensor Systems},
 series = {SenSys '11},
 year = {2011},
 isbn = {978-1-4503-0718-5},
 location = {Seattle, Washington},
 pages = {1--11},
 numpages = {11},
 url = {http://doi.acm.org/10.1145/2070942.2070944},
 doi = {10.1145/2070942.2070944},
 acmid = {2070944},
 publisher = {ACM},
 address = {New York, NY, USA},
 keywords = {6LoWPAN, Contiki, IETF, IPv6, RPL, TinyOS, interoperability, sensor network},
}

@INPROCEEDINGS{pwmac, 
author={Lei Tang and Yanjun Sun and Gurewitz, O. and Johnson, D.B.}, 
booktitle={INFOCOM, 2011 Proceedings IEEE}, 
title={{PW-MAC}: An energy-efficient predictive-wakeup MAC protocol for wireless sensor networks}, 
year={2011}, 
pages={1305-1313}, 
keywords={access protocols;telecommunication traffic;wireless sensor networks;MICAz motes;PW-MAC;RI-MAC;WiseMAC;X-MAC;asynchronous duty cycling;energy-efficient predictive-wakeup MAC protocol;multiple concurrent multihop traffic flow;ondemand prediction error correction mechanism;prediction-based retransmission mechanism;sensor node energy consumption;wireless collision;wireless sensor network;Clocks;Hardware;Media Access Protocol;Receivers;Wireless communication;Wireless sensor networks}, 
doi={10.1109/INFCOM.2011.5934913}, 
ISSN={0743-166X}, 
month={April},}

@ARTICLE{macsurvey, 
author={Bachir, A. and Dohler, M. and Watteyne, T. and Leung, K.K.}, 
journal={Communications Surveys Tutorials, IEEE}, 
title={{MAC} Essentials for Wireless Sensor Networks}, 
year={2010}, 
volume={12}, 
number={2}, 
pages={222-248}, 
keywords={access protocols;wireless sensor networks;MAC essentials;energy saving protocol;medium access control protocol;statistical properties;wireless sensor networks;Energy Saving Protocols;Medium Access Control;Wireless Sensor Networks}, 
doi={10.1109/SURV.2010.020510.00058}, 
ISSN={1553-877X}, 
month={Second},}

@article{erapl,
 author = {Zhu, Yi-hua and Wu, Wan-deng and Pan, Jian and Tang, Yi-ping},
 title = {An Energy-efficient Data Gathering Algorithm to Prolong Lifetime of Wireless Sensor Networks},
 journal = {Comput. Commun.},
 issue_date = {March, 2010},
 volume = {33},
 number = {5},
 month = mar,
 year = {2010},
 issn = {0140-3664},
 pages = {639--647},
 numpages = {9},
 url = {http://dx.doi.org/10.1016/j.comcom.2009.11.008},
 doi = {10.1016/j.comcom.2009.11.008},
 acmid = {1716113},
 publisher = {Elsevier Science Publishers B. V.},
 address = {Amsterdam, The Netherlands, The Netherlands},
 keywords = {Energy saving, Network lifetime, Routing algorithms, Wireless sensor network},
}

@ARTICLE{maxmin, 
author={Yunxia Chen and Qing Zhao}, 
journal={Communications Letters, IEEE}, 
title={On the lifetime of wireless sensor networks}, 
year={2005}, 
volume={9}, 
number={11}, 
pages={976-978}, 
keywords={access protocols;fading channels;minimax techniques;power consumption;telecommunication control;wireless sensor networks;channel fading characteristics;channel state information;data collection initiation;energy consumption;lifetime definition;max-min approach;medium access control protocol;network architecture;performance evaluation;residual energy information;wireless sensor network model;Access protocols;Channel state information;Energy consumption;Fading;Guidelines;Media Access Protocol;Physical layer;Sensor phenomena and characterization;Wireless application protocol;Wireless sensor networks}, 
doi={10.1109/LCOMM.2005.11010}, 
ISSN={1089-7798}, 
month={Nov},}

@article{santitopologycontrol,
 author = {Santi, Paolo},
 title = {Topology Control in Wireless Ad Hoc and Sensor Networks},
 journal = {ACM Comput. Surv.},
 issue_date = {June 2005},
 volume = {37},
 number = {2},
 month = jun,
 year = {2005},
 issn = {0360-0300},
 pages = {164--194},
 numpages = {31},
 url = {http://doi.acm.org/10.1145/1089733.1089736},
 doi = {10.1145/1089733.1089736},
 acmid = {1089736},
 publisher = {ACM},
 address = {New York, NY, USA},
 keywords = {Connectivity, energy consumption, sensor networks, topology control, wireless ad hoc networks},
}

@INPROCEEDINGS{lifetimedef1, 
author={Jie Wu and Ming Gao and Stojmenovic, I.}, 
booktitle={Parallel Processing, 2001. International Conference on}, 
title={On calculating power-aware connected dominating sets for efficient routing in ad hoc wireless networks}, 
year={2001}, 
pages={346-354}, 
keywords={distributed algorithms;network routing;radio access networks;ad hoc wireless networks;bypass traffics;connected dominating set;distributed algorithm;mobile hosts;network routing;power-aware connected dominating set;power-aware connected dominating sets;searching space;Bandwidth;Circuits;Convergence;Distributed algorithms;Energy consumption;Intelligent networks;Network topology;Routing protocols;Telecommunication traffic;Wireless networks}, 
doi={10.1109/ICPP.2001.952080}, 
ISSN={0190-3918}, 
month={Sept},}

@INPROCEEDINGS{lifetimedef2, 
author={Heinzelman, W.R. and Chandrakasan, A. and Balakrishnan, H.}, 
booktitle={System Sciences, 2000. Proceedings of the 33rd Annual Hawaii International Conference on}, 
title={Energy-efficient communication protocol for wireless microsensor networks}, 
year={2000}, 
pages={10 pp. vol.2-}, 
keywords={microsensors;military communication;mobile radio;protocols;sensor fusion;telecommunication network routing;LEACH;Low-Energy Adaptive Clustering Hierarchy;civil applications;clustering-based protocol;data fusion;dynamic networks;energy dissipation;energy load distribution;energy-efficient communication protocol;localized coordination;military applications;randomized local cluster based station rotation;reliable monitoring;robustness;routing protocol;scalability;simulations;useful system lifetime;wireless distributed microsensor system;Energy dissipation;Energy efficiency;Microsensors;Monitoring;Routing protocols;Scalability;Spread spectrum communication;Telecommunication network reliability;Wireless application protocol;Wireless communication}, 
doi={10.1109/HICSS.2000.926982}, 
month={Jan},}

@INPROCEEDINGS{smecn, 
author={Li Li and Halpern, J.Y.}, 
booktitle={Communications, 2001. ICC 2001. IEEE International Conference on}, 
title={Minimum-energy mobile wireless networks revisited}, 
year={2001}, 
volume={1}, 
pages={278-283 vol.1}, 
keywords={land mobile radio;protocols;radio networks;communication network;message transmission;minimum-energy mobile wireless networks;minimum-energy path;network nodes;performance improvements;protocol;simulation;subnetwork;Broadcasting;Communication networks;Computational modeling;Computer networks;Computer science;Military computing;Protocols;Spread spectrum communication;Wireless networks;Wireless sensor networks}, 
doi={10.1109/ICC.2001.936317}, 
month={Jun},}

@inproceedings{gaf,
 author = {Xu, Ya and Heidemann, John and Estrin, Deborah},
 title = {Geography-informed Energy Conservation for Ad Hoc Routing},
 booktitle = {Proceedings of the 7th Annual International Conference on Mobile Computing and Networking},
 series = {MobiCom '01},
 year = {2001},
 isbn = {1-58113-422-3},
 location = {Rome, Italy},
 pages = {70--84},
 numpages = {15},
 url = {http://doi.acm.org/10.1145/381677.381685},
 doi = {10.1145/381677.381685},
 acmid = {381685},
 publisher = {ACM},
 address = {New York, NY, USA},
}

@article{analysisRP,
title = "Theoretical analysis of the lifetime and energy hole in cluster based wireless sensor networks ",
journal = "Journal of Parallel and Distributed Computing ",
volume = "71",
number = "10",
pages = "1327 - 1355",
year = "2011",
note = "",
issn = "0743-7315",
doi = "http://dx.doi.org/10.1016/j.jpdc.2011.05.003",
url = "http://www.sciencedirect.com/science/article/pii/S0743731511000992",
author = "An-Feng Liu and Peng-Hui Zhang and Zhi-Gang Chen",
keywords = "Wireless sensor networks",
keywords = "Network lifetime",
keywords = "Energy hole",
keywords = "Cluster radius",
keywords = "Performance optimization "
}

@ARTICLE{predicttosend, 
author={Hongbo Jiang and Shudong Jin and Chonggang Wang}, 
journal={Parallel and Distributed Systems, IEEE Transactions on}, 
title={Prediction or Not? An Energy-Efficient Framework for Clustering-Based Data Collection in Wireless Sensor Networks}, 
year={2011}, 
volume={22}, 
number={6}, 
pages={1064-1071},  
doi={10.1109/TPDS.2010.174}, 
ISSN={1045-9219}, 
month={June},}

@article{qos-eqsr,
 author = {Ben-Othman, Jalel and Yahya, Bashir},
 title = {Energy Efficient and {QoS} Based Routing Protocol for Wireless Sensor Networks},
 journal = {J. Parallel Distrib. Comput.},
 issue_date = {August, 2010},
 volume = {70},
 number = {8},
 month = aug,
 year = {2010},
 issn = {0743-7315},
 pages = {849--857},
 numpages = {9},
 url = {http://dx.doi.org/10.1016/j.jpdc.2010.02.010},
 doi = {10.1016/j.jpdc.2010.02.010},
 acmid = {1815155},
 publisher = {Academic Press, Inc.},
 address = {Orlando, FL, USA},
 keywords = {Energy efficiency, Forward error correction, Multipath routing, Quality of Service, Wireless sensor networks},
}

@INPROCEEDINGS{alexlifetime, 
author={King, Alex and Brown, James and Vidler, John and Roedig, Utz}, 
booktitle={Local Computer Networks Conference Workshops (LCN Workshops), 2015 IEEE 40th}, 
title={Estimating node lifetime in interference environments}, 
year={2015}, 
pages={796-803}, 
keywords={Closed-form solutions;Energy consumption;Interference;Media Access Protocol;Receivers;Wireless sensor networks}, 
doi={10.1109/LCNW.2015.7365930}, 
month={Oct},}

@inproceedings{lmac,
booktitle = {1st International Workshop on Networked Sensing Systems, INSS 2004},
title = {A Lightweight Medium Access Protocol {(LMAC)} for Wireless Sensor Networks: Reducing Preamble Transmissions and Transceiver State Switches},
author = {L.F.W. van {Hoesel} and P.J.M. {Havinga}},
address = {Tokyo, Japan},
publisher = {Society of Instrument and Control Engineers (SICE)},
year = {2004},
pages = {205--208},
url = {http://doc.utwente.nl/64756/},
}

@article{Cerpahabitatmonitoring,
 author = {Cerpa, Alberto and Elson, Jeremy and Estrin, Deborah and Girod, Lewis and Hamilton, Michael and Zhao, Jerry},
 title = {Habitat Monitoring: Application Driver for Wireless Communications Technology},
 journal = {SIGCOMM Comput. Commun. Rev.},
 issue_date = {April 2001},
 volume = {31},
 number = {2 supplement},
 month = apr,
 year = {2001},
 issn = {0146-4833},
 pages = {20--41},
 numpages = {22},
 url = {http://doi.acm.org/10.1145/844193.844196},
 doi = {10.1145/844193.844196},
 acmid = {844196},
 publisher = {ACM},
 address = {New York, NY, USA},
 keywords = {applications, low-power wireless, sensor networks, testbeds},
}

@article{volcano,
 author = {Werner-Allen, Geoffrey and Lorincz, Konrad and Welsh, Matt and Marcillo, Omar and Johnson, Jeff and Ruiz, Mario and Lees, Jonathan},
 title = {Deploying a Wireless Sensor Network on an Active Volcano},
 journal = {IEEE Internet Computing},
 issue_date = {March 2006},
 volume = {10},
 number = {2},
 month = mar,
 year = {2006},
 issn = {1089-7801},
 pages = {18--25},
 numpages = {8},
 url = {http://dx.doi.org/10.1109/MIC.2006.26},
 doi = {10.1109/MIC.2006.26},
 acmid = {1128673},
 publisher = {IEEE Educational Activities Department},
 address = {Piscataway, NJ, USA},
 keywords = {sensor network applications, sensor network nodes, volcano research, wireless sensor networks, wireless sensor networks, sensor network applications, sensor network nodes, volcano research},
}

@INPROCEEDINGS{telemonitoring, 
author={Noury, N. and Herve, T. and Rialle, V. and Virone, G. and Mercier, E. and Morey, G. and Moro, A. and Porcheron, T.}, 
booktitle={Microtechnologies in Medicine and Biology, 1st Annual International, Conference On. 2000}, 
title={Monitoring behavior in home using a smart fall sensor and position sensors}, 
year={2000}, 
pages={607-610}, 
keywords={biomechanics;geriatrics;patient monitoring;position measurement;telemedicine;RF wireless links;application software;cabling reduction;elderly people;home behavior monitoring;hospices;position sensors;quality of life improvement;remote data transmission;security improvement;smart fall sensor;telecare solution;Communication switching;Communication system security;Humans;Infrared sensors;Infrared surveillance;Intelligent sensors;Magnetic sensors;Magnetic switching;Remote monitoring;Switches}, 
doi={10.1109/MMB.2000.893857}, 
month={},}

@article{telehealth,
 author = {Barbara, Sibbald},
 title = {Use computerized systems to cut adverse drug events: report},
 journal = {CMAJ},
 issue_date = {Jun 2001},
 volume = {164},
 number = {13},
 month = Jun,
 year = {2001},
 pages = {1878},
}

@ARTICLE{homeautomation, 
author={Petriu, E.M. and Georganas, Nicolas D. and Petriu, D.C. and Makrakis, D. and Groza, V.Z.}, 
journal={Instrumentation Measurement Magazine, IEEE}, 
title={Sensor-based information appliances}, 
year={2000}, 
volume={3}, 
number={4}, 
pages={31-35}, 
keywords={cooperative systems;intelligent control;intelligent networks;intelligent sensors;sensor fusion;event-driven information appliances;heterogeneous functions management;intelligent sensing agents;networking technologies;pervasive computing;Computer network management;Home appliances;Home automation;Humans;Information security;Intelligent agent;Intelligent sensors;Manufacturing;Pervasive computing;Resource management}, 
doi={10.1109/5289.887458}, 
ISSN={1094-6969}, 
month={Dec},}

@ARTICLE{smartenvironment, 
author={Essa, I.A.}, 
journal={Personal Communications, IEEE}, 
title={Ubiquitous sensing for smart and aware environments}, 
year={2000}, 
volume={7}, 
number={5}, 
pages={47-49}, 
keywords={computer vision;data communication;intelligent sensors;mobile computing;software prototyping;aware environments;daily activities;high-end data processing;high-end data transmission;interpretation;low-end data processing;low-end data transmission;modeling;pervasive computing technology;prototyping;recognition;sensed information;sensing infrastructure;signal-understanding infrastructure;smart environments;ubiquitous computing;ubiquitous sensing;Computers;Data mining;Instruments;Intelligent sensors;Multimodal sensors;Pervasive computing;Prototypes;Signal processing;Space technology;Ubiquitous computing}, 
doi={10.1109/98.878538}, 
ISSN={1070-9916}, 
month={Oct},}

@inproceedings{industrialsensor,
 author = {Krishnamurthy, Lakshman and Adler, Robert and Buonadonna, Phil and Chhabra, Jasmeet and Flanigan, Mick and Kushalnagar, Nandakishore and Nachman, Lama and Yarvis, Mark},
 title = {Design and Deployment of Industrial Sensor Networks: Experiences from a Semiconductor Plant and the North Sea},
 booktitle = {Proceedings of the 3rd International Conference on Embedded Networked Sensor Systems},
 series = {SenSys '05},
 year = {2005},
 isbn = {1-59593-054-X},
 location = {San Diego, California, USA},
 pages = {64--75},
 numpages = {12},
 url = {http://doi.acm.org/10.1145/1098918.1098926},
 doi = {10.1145/1098918.1098926},
 acmid = {1098926},
 publisher = {ACM},
 address = {New York, NY, USA},
 keywords = {embedded hardware design, industrial applications of sensor networks},
}

@inproceedings{Simonpinptr,
 author = {Simon, Gyula and Mar\'{o}ti, Mikl\'{o}s and L{\'e}deczi, \'{A}kos and Balogh, Gy\"{o}rgy and Kusy, Branislav and N\'{a}das, Andr\'{a}s and Pap, G\'{a}bor and Sallai, J\'{a}nos and Frampton, Ken},
 title = {Sensor Network-based Countersniper System},
 booktitle = {Proceedings of the 2Nd International Conference on Embedded Networked Sensor Systems},
 series = {SenSys '04},
 year = {2004},
 isbn = {1-58113-879-2},
 location = {Baltimore, MD, USA},
 pages = {1--12},
 numpages = {12},
 url = {http://doi.acm.org/10.1145/1031495.1031497},
 doi = {10.1145/1031495.1031497},
 acmid = {1031497},
 publisher = {ACM},
 address = {New York, NY, USA},
 keywords = {acoustic source localization, data fusion, message routing, middleware services, sensor networks, time synchronization},
}

@article{singh2010routing,
  title={Routing protocols in wireless sensor networks--A survey},
  author={Singh, Shio Kumar and Singh, MP and Singh, DK and others},
  journal={International Journal of Computer Science \& Engineering Survey (IJCSES) Vol},
  volume={1},
  pages={63--83},
  year={2010},
}

@article{akkaya2005survey,
  title={A survey on routing protocols for wireless sensor networks},
  author={Akkaya, Kemal and Younis, Mohamed},
  journal={Ad hoc networks},
  volume={3},
  number={3},
  pages={325--349},
  year={2005},
  publisher={Elsevier},
}

@inproceedings{spin,
  title={Adaptive protocols for information dissemination in wireless sensor networks},
  author={Heinzelman, Wendi Rabiner and Kulik, Joanna and Balakrishnan, Hari},
  booktitle={Proceedings of the 5th annual ACM/IEEE international conference on Mobile computing and networking},
  pages={174--185},
  year={1999},
  organization={ACM},
}

@inproceedings{directeddiffusion,
  title={Directed diffusion: a scalable and robust communication paradigm for sensor networks},
  author={Intanagonwiwat, Chalermek and Govindan, Ramesh and Estrin, Deborah},
  booktitle={Proceedings of the 6th annual international conference on Mobile computing and networking},
  pages={56--67},
  year={2000},
  organization={ACM},
}

@inproceedings{rumorrouting,
  title={Rumor routing algorthim for sensor networks},
  author={Braginsky, David and Estrin, Deborah},
  booktitle={Proceedings of the 1st ACM international workshop on Wireless sensor networks and applications},
  pages={22--31},
  year={2002},
  organization={ACM},
}

@inproceedings{schurgers2001energy,
  title={Energy efficient routing in wireless sensor networks},
  author={Schurgers, Curt and Srivastava, Mani B},
  booktitle={Military Communications Conference, 2001. MILCOM 2001. Communications for Network-Centric Operations: Creating the Information Force. IEEE},
  volume={1},
  pages={357--361},
  year={2001},
  organization={IEEE},
}

@article{cadr,
  title={Scalable information-driven sensor querying and routing for ad hoc heterogeneous sensor networks},
  author={Chu, Maurice and Haussecker, Horst and Zhao, Feng},
  journal={International Journal of High Performance Computing Applications},
  volume={16},
  number={3},
  pages={293--313},
  year={2002},
  publisher={SAGE Publications},
}

@INPROCEEDINGS{teen, 
author={Arati Manjeshwar and Agrawal, D.P.}, 
booktitle={Parallel and Distributed Processing Symposium., Proceedings 15th International}, 
title={{TEEN}: a routing protocol for enhanced efficiency in wireless sensor networks}, 
year={2001}, 
pages={2009-2015}, 
keywords={Condition monitoring;Costs;Energy efficiency;Fault tolerance;Intelligent networks;Mobile computing;Routing protocols;Sensor phenomena and characterization;Temperature sensors;Wireless sensor networks}, 
doi={10.1109/IPDPS.2001.925197}, 
ISSN={1530-2075}, 
month={April},}

@inproceedings{acquire,
  title={The {ACQUIRE} mechanism for efficient querying in sensor networks},
  author={Sadagopan, Narayanan and Krishnamachari, Bhaskar and Helmy, Ahmed},
  booktitle={Sensor Network Protocols and Applications, 2003. Proceedings of the First IEEE. 2003 IEEE International Workshop on},
  pages={149--155},
  year={2003},
  organization={IEEE},
}

@techreport{gear,
  title={Geographical and energy aware routing: A recursive data dissemination protocol for wireless sensor networks},
  author={Yu, Yan and Govindan, Ramesh and Estrin, Deborah},
  year={2001},
  institution={Technical report ucla/csd-tr-01-0023, UCLA Computer Science Department},
}

@ARTICLE{maxlifetimechang, 
author={Jae-Hwan Chang and Tassiulas, L.}, 
journal={Networking, IEEE/ACM Transactions on}, 
title={Maximum lifetime routing in wireless sensor networks}, 
year={2004}, 
volume={12}, 
number={4}, 
pages={609-619}, 
doi={10.1109/TNET.2004.833122}, 
ISSN={1063-6692}, 
month={Aug},}

@ARTICLE{sar, 
author={Sohrabi, K. and Gao, J. and Ailawadhi, V. and Pottie, G.J.}, 
journal={Personal Communications, IEEE}, 
title={Protocols for self-organization of a wireless sensor network}, 
year={2000}, 
volume={7}, 
number={5}, 
pages={16-27}, 
doi={10.1109/98.878532}, 
ISSN={1070-9916}, 
month={Oct},}

@INPROCEEDINGS{apteen, 
author={Manjeshwar, A. and Agrawal, D.P.}, 
booktitle={Parallel and Distributed Processing Symposium., Proceedings International, IPDPS 2002, Abstracts and CD-ROM}, 
title={APTEEN: a hybrid protocol for efficient routing and comprehensive information retrieval in wireless}, 
year={2002}, 
pages={8 pp-}, 
keywords={Base stations;Batteries;Capacitive sensors;Costs;Information retrieval;Routing protocols;Temperature sensors;Wireless application protocol;Wireless communication;Wireless sensor networks}, 
doi={10.1109/IPDPS.2002.1016600}, 
month={April},}

@INPROCEEDINGS{hpegasis, 
author={Lindsey, S. and Raghavendra, C. and Krishna Sivalingam}, 
booktitle={Parallel and Distributed Processing Symposium., Proceedings 15th International}, 
title={Data gathering in sensor networks using the energy*delay metric}, 
year={2001}, 
pages={2001-2008}, 
keywords={Base stations;Costs;Delay;Intelligent networks;Multiaccess communication;Power control;Sensor fusion;Sensor systems;Wireless communication;Wireless sensor networks}, 
doi={10.1109/IPDPS.2001.925196}, 
ISSN={1530-2075}, 
month={April},}

@ARTICLE{heed, 
author={Younis, O. and Fahmy, Sonia}, 
journal={Mobile Computing, IEEE Transactions on}, 
title={{HEED}: a hybrid, energy-efficient, distributed clustering approach for ad hoc sensor networks}, 
year={2004}, 
volume={3}, 
number={4}, 
pages={366-379}, 
doi={10.1109/TMC.2004.41}, 
ISSN={1536-1233}, 
month={Oct},}

@inproceedings{energyrpl,
  title={Energy-based Metric for the Routing Protocol in Low-power and Lossy Network.},
  author={Kamgueu, Patrick Olivier and Nataf, Emmanuel and Djotio, Thomas and Festor, Olivier},
  booktitle={SENSORNETS},
  pages={145--148},
  year={2013}
}

@misc{6lowpan,
  title={Compression Format for {IPv6} Datagrams over {IEEE} 802.15.4-Based Networks, {RFC} 6282},
  author={Hui, J and Thubert, P},
  howpublished={https://tools.ietf.org/html/rfc6282},
  year={2011}
}

@misc{slip,
  title={A nonstandard for transmission of {IP} datagrams over serial lines: {SLIP}, {RFC} 1055},
  author={Romkey, J},
  howpublished={https://tools.ietf.org/html/rfc1055},
  year={1988}
}

@ARTICLE{pantazis, 
author={Pantazis, N.A. and Nikolidakis, S.A. and Vergados, D.D.}, 
journal={Communications Surveys Tutorials, IEEE}, 
title={Energy-Efficient Routing Protocols in Wireless Sensor Networks: A Survey}, 
year={2013}, 
volume={15}, 
number={2}, 
pages={551-591}, 
doi={10.1109/SURV.2012.062612.00084}, 
ISSN={1553-877X}, 
month={Second},}

@INPROCEEDINGS{wsnheap, 
author={Seah, W.K.G. and Zhi Ang Eu and Tan, H.}, 
booktitle={Wireless Communication, Vehicular Technology, Information Theory and Aerospace Electronic Systems Technology, 2009. Wireless VITAE 2009. 1st International Conference on}, 
title={Wireless sensor networks powered by ambient energy harvesting (WSN-HEAP) - Survey and challenges}, 
year={2009}, 
pages={1-5}, 
doi={10.1109/WIRELESSVITAE.2009.5172411}, 
month={May},}

@INPROCEEDINGS{reviewharvest, 
author={Wan, Z.G. and Tan, Y.K. and Yuen, C.}, 
booktitle={Communication Technology (ICCT), 2011 IEEE 13th International Conference on}, 
title={Review on energy harvesting and energy management for sustainable wireless sensor networks}, 
year={2011}, 
pages={362-367}, 
keywords={access protocols;energy harvesting;wireless sensor networks;MAC protocol;WSN;data collection protocol;energy harvesting;energy management;environmental energy sources;solar energy;sustainable WSN performance;sustainable wireless sensor networks;Energy harvesting;Energy management;Media Access Protocol;Routing protocols;Solar energy;Wireless sensor networks}, 
doi={10.1109/ICCT.2011.6157897}, 
month={Sept},}

@article{gilbert2008comparison,
  title={Comparison of energy harvesting systems for wireless sensor networks},
  author={Gilbert, James M and Balouchi, Farooq},
  journal={international journal of automation and computing},
  volume={5},
  number={4},
  pages={334--347},
  year={2008},
  publisher={Springer}
}

@inproceedings{xmac,
 author = {Buettner, Michael and Yee, Gary V. and Anderson, Eric and Han, Richard},
 title = {{X-MAC}: A Short Preamble {MAC} Protocol for Duty-cycled Wireless Sensor Networks},
 booktitle = {Proceedings of the 4th International Conference on Embedded Networked Sensor Systems},
 series = {SenSys '06},
 year = {2006},
 isbn = {1-59593-343-3},
 location = {Boulder, Colorado, USA},
 pages = {307--320},
 numpages = {14},
 url = {http://doi.acm.org/10.1145/1182807.1182838},
 doi = {10.1145/1182807.1182838},
 acmid = {1182838},
 publisher = {ACM},
 address = {New York, NY, USA},
 keywords = {energy efficient operation, media access protocols},
}

@article{boxmac,
  title={{BoX-MACs}: Exploiting physical and link layer boundaries in low-power networking},
  author={Moss, David and Levis, Philip},
  journal={Computer Systems Laboratory Stanford University},
  pages={116--119},
  year={2008}
}

@incollection{wisemac,
  title={{WiseMAC}: An ultra low power {MAC} protocol for multi-hop wireless sensor networks},
  author={El-Hoiydi, Amre and Decotignie, Jean-Dominique},
  booktitle={Algorithmic Aspects of Wireless Sensor Networks},
  pages={18--31},
  year={2004},
  publisher={Springer}
}

@inproceedings{bmac,
  title={Versatile low power media access for wireless sensor networks},
  author={Polastre, Joseph and Hill, Jason and Culler, David},
  booktitle={Proceedings of the 2nd international conference on Embedded networked sensor systems},
  pages={95--107},
  year={2004},
  organization={ACM}
}

@conference{sensornets13,
author={Emmanuel Nataf and Olivier Festor},
title={Accurate Online Estimation of Battery Lifetime for Wireless Sensors Network},
booktitle={Proceedings of the 2nd International Conference on Sensor Networks},
year={2013},
pages={59-64},
doi={10.5220/0004312500590064},
isbn={978-989-8565-45-7},
}

@inproceedings{dunkels2007software,
  title={Software-based on-line energy estimation for sensor nodes},
  author={Dunkels, Adam and Osterlind, Fredrik and Tsiftes, Nicolas and He, Zhitao},
  booktitle={Proceedings of the 4th workshop on Embedded networked sensors},
  pages={28--32},
  year={2007},
  organization={ACM}
}

@article{dunkels2011powertrace,
  title={Powertrace: Network-level power profiling for low-power wireless networks},
  author={Dunkels, Adam and Eriksson, Joakim and Finne, Niclas and Tsiftes, Nicolas},
  year={2011},
  publisher={Swedish Institute of Computer Science}
}

@ARTICLE{6826561, 
author={Redondi, A. and Buranapanichkit, D. and Cesana, M. and Tagliasacchi, M. and Andreopoulos, Y.}, 
journal={Circuits and Systems for Video Technology, IEEE Transactions on}, 
title={Energy Consumption of Visual Sensor Networks: Impact of Spatio-Temporal Coverage}, 
year={2014}, 
volume={24}, 
number={12}, 
pages={2117-2131}, 
doi={10.1109/TCSVT.2014.2329378}, 
ISSN={1051-8215}, 
month={Dec},}

@ARTICLE{ucl-harvesting, 
author={Besbes, H. and Smart, G. and Buranapanichkit, D. and Kloukinas, C. and Andreopoulos, Y.}, 
journal={Wireless Communications, IEEE Transactions on}, 
title={Analytic Conditions for Energy Neutrality in Uniformly-Formed Wireless Sensor Networks}, 
year={2013}, 
volume={12}, 
number={10}, 
pages={4916-4931}, 
doi={10.1109/TWC.2013.092013.121649}, 
ISSN={1536-1276}, 
month={October},}
